---
---
@article{Tooby-Smith:2024iif,
    author = "Tooby-Smith, Joseph",
    title = "{Formalization of physics index notation in Lean 4}",
    eprint = "2411.07667",
    archivePrefix = "arXiv",
    primaryClass = "cs.LO",
    month = "11",
    year = "2024"
}

@article{Tooby-Smith:2024vqu,
    author = "Tooby-Smith, Joseph",
    title = "{HepLean: Digitalising high energy physics}",
    eprint = "2405.08863",
    archivePrefix = "arXiv",
    primaryClass = "hep-ph",
    doi = "10.1016/j.cpc.2024.109457",
    journal = "Comput. Phys. Commun.",
    volume = "308",
    pages = "109457",
    year = "2025"
}

@article{Gripaios:2023ups,
    author = "Gripaios, Ben and Randal-Williams, Oscar and Tooby-Smith, Joseph",
    title = "{Smooth generalized symmetries of quantum field theories}",
    eprint = "2310.16090",
    archivePrefix = "arXiv",
    primaryClass = "hep-th",
    doi = "10.1016/j.geomphys.2024.105212",
    journal = "J. Geom. Phys.",
    volume = "201",
    pages = "105212",
    year = "2024"
}

@article{Gomes:2023pwj,
    author = "Gomes, Andrew and Ruhdorfer, Maximillian and Tooby-Smith, Joseph",
    title = "{Semisimple unifications of any gauge theory}",
    eprint = "2306.16439",
    archivePrefix = "arXiv",
    primaryClass = "hep-ph",
    doi = "10.1103/PhysRevD.108.075001",
    journal = "Phys. Rev. D",
    volume = "108",
    number = "7",
    pages = "075001",
    year = "2023"
}

@article{Csaki:2022zbc,
    author = "Csaki, Csaba and Ismail, Ameen and Ruhdorfer, Maximilian and Tooby-Smith, Joseph",
    title = "{Higgs squared}",
    eprint = "2210.02456",
    archivePrefix = "arXiv",
    primaryClass = "hep-ph",
    doi = "10.1007/JHEP04(2023)082",
    journal = "JHEP",
    volume = "04",
    pages = "082",
    year = "2023"
}

@article{Gripaios:2022yjy,
    author = "Gripaios, Ben and Randal-Williams, Oscar and Tooby-Smith, Joseph",
    title = "{Generalized symmetries of topological field theories}",
    eprint = "2209.13524",
    archivePrefix = "arXiv",
    primaryClass = "hep-th",
    doi = "10.1007/JHEP03(2023)087",
    journal = "JHEP",
    volume = "03",
    pages = "087",
    year = "2023"
}

@article{Davighi:2022dyq,
    author = "Davighi, Joe and Tooby-Smith, Joseph",
    title = "{Flatland: abelian extensions of the Standard Model with semi-simple completions}",
    eprint = "2206.11271",
    archivePrefix = "arXiv",
    primaryClass = "hep-ph",
    doi = "10.1007/JHEP09(2022)159",
    journal = "JHEP",
    volume = "09",
    pages = "159",
    year = "2022"
}

@article{Davighi:2022fer,
    author = "Davighi, Joe and Tooby-Smith, Joseph",
    title = "{Electroweak flavour unification}",
    eprint = "2201.07245",
    archivePrefix = "arXiv",
    primaryClass = "hep-ph",
    doi = "10.1007/JHEP09(2022)193",
    journal = "JHEP",
    volume = "09",
    pages = "193",
    year = "2022"
}

@article{Allanach:2021yjy,
    author = "Allanach, B. C. and Madigan, Maeve and Tooby-Smith, Joseph",
    title = "{A \ensuremath{\nu} supersymmetric anomaly-free atlas}",
    eprint = "2107.07926",
    archivePrefix = "arXiv",
    primaryClass = "hep-ph",
    doi = "10.1007/JHEP02(2022)144",
    journal = "JHEP",
    volume = "02",
    pages = "144",
    year = "2022"
}

@phdthesis{Tooby-Smith:2021hjk,
    author = "Tooby-Smith, Joseph",
    title = "{Arithmetical, geometrical, and categorical forays into particle physics}",
    doi = "10.17863/CAM.72061",
    school = "Cambridge U.",
    month = "5",
    year = "2021"
}

@article{Allanach:2021bfe,
    author = "Allanach, B. C. and Gripaios, Ben and Tooby-Smith, Joseph",
    title = "{Semisimple extensions of the Standard Model gauge algebra}",
    eprint = "2104.14555",
    archivePrefix = "arXiv",
    primaryClass = "hep-th",
    doi = "10.1103/PhysRevD.104.035035",
    journal = "Phys. Rev. D",
    volume = "104",
    number = "3",
    pages = "035035",
    year = "2021",
    note = "[Erratum: Phys.Rev.D 106, 019901 (2022)]"
}

@article{Gripaios:2021hsc,
    author = "Gripaios, Ben and Tooby-Smith, Joseph",
    title = "{Inverse Higgs phenomena as duals of holonomic constraints}",
    eprint = "2103.08923",
    archivePrefix = "arXiv",
    primaryClass = "hep-th",
    doi = "10.1088/1751-8121/ac4c66",
    journal = "J. Phys. A",
    volume = "55",
    number = "9",
    pages = "095401",
    year = "2022"
}

@article{Davighi:2020vap,
    author = "Davighi, Joe and McCullough, Matthew and Tooby-Smith, Joseph",
    title = "{Undulating Dark Matter}",
    eprint = "2007.03662",
    archivePrefix = "arXiv",
    primaryClass = "hep-ph",
    doi = "10.1007/JHEP11(2020)120",
    journal = "JHEP",
    volume = "11",
    pages = "120",
    year = "2020"
}

@article{Allanach:2020zna,
    author = "Allanach, B. C. and Gripaios, Ben and Tooby-Smith, Joseph",
    title = "{Anomaly cancellation with an extra gauge boson}",
    eprint = "2006.03588",
    archivePrefix = "arXiv",
    primaryClass = "hep-th",
    doi = "10.1103/PhysRevLett.125.161601",
    journal = "Phys. Rev. Lett.",
    volume = "125",
    number = "16",
    pages = "161601",
    year = "2020"
}

@article{Cohen:2020ohi,
    author = "Cohen, Timothy and Craig, Nathaniel and Koren, Seth and Mccullough, Matthew and Tooby-Smith, Joseph",
    title = "{Supersoft Top Squarks}",
    eprint = "2002.12630",
    archivePrefix = "arXiv",
    primaryClass = "hep-ph",
    reportNumber = "CERN-TH-2020-013",
    doi = "10.1103/PhysRevLett.125.151801",
    journal = "Phys. Rev. Lett.",
    volume = "125",
    number = "15",
    pages = "151801",
    year = "2020"
}

@article{Allanach:2019uuu,
    author = "Allanach, B. C. and Gripaios, Ben and Tooby-Smith, Joseph",
    title = "{Solving local anomaly equations in gauge-rank extensions of the Standard Model}",
    eprint = "1912.10022",
    archivePrefix = "arXiv",
    primaryClass = "hep-th",
    doi = "10.1103/PhysRevD.101.075015",
    journal = "Phys. Rev. D",
    volume = "101",
    number = "7",
    pages = "075015",
    year = "2020"
}

@article{Allanach:2019gwp,
    author = "Allanach, B. C. and Gripaios, Ben and Tooby-Smith, Joseph",
    title = "{Geometric General Solution to the $U(1)$ Anomaly Equations}",
    eprint = "1912.04804",
    archivePrefix = "arXiv",
    primaryClass = "hep-th",
    doi = "10.1007/JHEP05(2020)065",
    journal = "JHEP",
    volume = "05",
    pages = "065",
    year = "2020"
}

@article{Davighi:2019ffp,
    author = "Davighi, Joe and Gripaios, Ben and Tooby-Smith, Joseph",
    title = "{Quantum mechanics in magnetic backgrounds with manifest symmetry and locality}",
    eprint = "1905.11999",
    archivePrefix = "arXiv",
    primaryClass = "hep-th",
    doi = "10.1088/1751-8121/ab78ce",
    journal = "J. Phys. A",
    volume = "53",
    number = "14",
    pages = "145302",
    year = "2020"
}
